<?xml version="1.0" encoding="UTF-8"?><collection xmlns="http://www.loc.gov/MARC21/slim"><record><leader>00320nam--2200121-i-4500</leader><controlfield tag="001">000039822</controlfield><controlfield tag="002">20161230</controlfield><controlfield tag="005">20161230201042</controlfield><controlfield tag="008">060222s1000------------r-----000-0-eng-d</controlfield><datafield ind1=" " ind2=" " tag="100"><subfield code="a">Rougeron, Camille</subfield></datafield><datafield ind1=" " ind2=" " tag="245"><subfield code="a">Les applications de l`exploison thermonucleaire</subfield></datafield><datafield ind1=" " ind2=" " tag="260"><subfield code="a">Paris, Berger-levrault, 1956, 309p</subfield></datafield><datafield ind1=" " ind2=" " tag="852"><subfield code="a">11890</subfield></datafield></record></collection>